@misc{omalley2019kerastuner,
    title        = {KerasTuner},
    author       = {O'Malley, Tom and Bursztein, Elie and Long, James and Chollet, Fran\c{c}ois and Jin, Haifeng and Invernizzi, Luca and others},
    year         = 2019,
    howpublished = {\url{https://github.com/keras-team/keras-tuner}}
}

@misc{PILImageverify,
  title = {{PIL} package, Image module,verify method},
  howpublished = {\url{https://pillow.readthedocs.io/en/stable/reference/Image.html#PIL.Image.Image.verify}},
  note = {Accessed: 2024-04-20}
}

@misc{dataset,
  title = {Muffin vs Chihuahua image clasification dataset},
  howpublished = {\url{https://www.kaggle.com/datasets/samuelcortinhas/muffin-vs-chihuahua-image-classification}},
  note = {Accessed: 2024-04-20}
}